<?xml version="1.0" encoding="UTF-8"?><record xmlns="http://www.loc.gov/MARC21/slim" xmlns:cinclude="http://apache.org/cocoon/include/1.0" xmlns:zs="http://www.loc.gov/zing/srw/">
  <leader>00983nz  a2200205n  4500</leader>
  <controlfield tag="001">no2014083827</controlfield>
  <controlfield tag="003">DLC</controlfield>
  <controlfield tag="005">20140620073551.0</controlfield>
  <controlfield tag="008">140619n| azannaabn          |n aaa     c</controlfield>
  <datafield tag="010" ind1=" " ind2=" ">
    <subfield code="a">no2014083827</subfield>
  </datafield>
  <datafield tag="035" ind1=" " ind2=" ">
    <subfield code="a">(OCoLC)oca09887953</subfield>
  </datafield>
  <datafield tag="040" ind1=" " ind2=" ">
    <subfield code="a">ScU</subfield>
    <subfield code="b">eng</subfield>
    <subfield code="e">rda</subfield>
    <subfield code="c">ScU</subfield>
  </datafield>
  <datafield tag="100" ind1="1" ind2=" ">
    <subfield code="a">Givins, Roy Lee,</subfield>
    <subfield code="c">Jr.</subfield>
  </datafield>
  <datafield tag="372" ind1=" " ind2=" ">
    <subfield code="a">School management and organization</subfield>
    <subfield code="2">lcsh</subfield>
  </datafield>
  <datafield tag="373" ind1=" " ind2=" ">
    <subfield code="a">University of South Carolina</subfield>
  </datafield>
  <datafield tag="373" ind1=" " ind2=" ">
    <subfield code="a">Citadel Academy (Charleston, S.C.)</subfield>
    <subfield code="2">naf</subfield>
  </datafield>
  <datafield tag="373" ind1=" " ind2=" ">
    <subfield code="a">Furman University</subfield>
  </datafield>
  <datafield tag="375" ind1=" " ind2=" ">
    <subfield code="a">male</subfield>
  </datafield>
  <datafield tag="377" ind1=" " ind2=" ">
    <subfield code="a">eng</subfield>
  </datafield>
  <datafield tag="670" ind1=" " ind2=" ">
    <subfield code="a">An Analysis of Achievement Between Single Gender and Coeducational Models in Select Middle Schools in South Carolina,  2013:</subfield>
    <subfield code="b">t.p. (Roy Lee Givins Jr. ; Doctor of Philosophy in Educational Administration, College of Education, The University of South Carolina ; Bachelor of Science, The Citadel - The Military College of South Carolina, 1987 ; Master of Arts, Furman University, 1994 ; Education Specialist, The University of South Carolina, 2008)</subfield>
  </datafield>
</record>